@inproceedings{DBLP:conf/cav/0001LMN14,
  author    = {Pranav Garg and
               Christof L{\"{o}}ding and
               P. Madhusudan and
               Daniel Neider},
  title     = {{ICE:} {A} Robust Framework for Learning Invariants},
  booktitle = {Computer Aided Verification - 26th International Conference, {CAV}
               2014, Held as Part of the Vienna Summer of Logic, {VSL} 2014, Vienna,
               Austria, July 18-22, 2014. Proceedings},
  pages     = {69--87},
  year      = {2014},
  series    = {Lecture Notes in Computer Science},
  volume    = {8559},
  publisher = {Springer},
}

@inproceedings{Garg:2016,
    author = {Garg, Pranav and Neider, Daniel and Madhusudan, P. and Roth, Dan},
    title = {Learning Invariants Using Decision Trees and Implication Counterexamples},
    booktitle = {Proceedings of the 43rd Annual ACM SIGPLAN-SIGACT Symposium on Principles of Programming Languages},
     series = {POPL '16},
     year = {2016},
    pages = {499--512},
} 

@article{DBLP:journals/pacmpl/EzudheenND0M18,
  author    = {P. Ezudheen and
               Daniel Neider and
               Deepak D'Souza and
               Pranav Garg and
               P. Madhusudan},
  title     = {Horn-ICE learning for synthesizing invariants and contracts},
  journal   = {{PACMPL}},
  volume    = {2},
  number    = {{OOPSLA}},
  pages     = {131:1--131:25},
  year      = {2018},
}

@inproceedings{DBLP:conf/cav/0001LMN13,
  author    = {Pranav Garg and
               Christof L{\"{o}}ding and
               P. Madhusudan and
               Daniel Neider},
  title     = {Learning Universally Quantified Invariants of Linear Data Structures},
  booktitle = {Computer Aided Verification - 25th International Conference, {CAV}
               2013, Saint Petersburg, Russia, July 13-19, 2013. Proceedings},
  pages     = {813--829},
  year      = {2013},
  series    = {Lecture Notes in Computer Science},
  volume    = {8044},
  publisher = {Springer},
}

@inproceedings{DBLP:conf/tacas/Neider0MS018,
  author    = {Daniel Neider and
               Pranav Garg and
               P. Madhusudan and
               Shambwaditya Saha and
               Daejun Park},
  title     = {Invariant Synthesis for Incomplete Verification Engines},
  booktitle = {Tools and Algorithms for the Construction and Analysis of Systems
               - 24th International Conference, {TACAS} 2018, Held as Part of the
               European Joint Conferences on Theory and Practice of Software, {ETAPS}
               2018, Thessaloniki, Greece, April 14-20, 2018, Proceedings, Part {I}},
  pages     = {232--250},
  year      = {2018},
  series    = {Lecture Notes in Computer Science},
  volume    = {10805},
  publisher = {Springer},
}

@inproceedings{DBLP:conf/fm/FlanaganL01,
  author    = {Cormac Flanagan and
               K. Rustan M. Leino},
  title     = {Houdini, an Annotation Assistant for ESC/Java},
  booktitle = {{FME} 2001: Formal Methods for Increasing Software Productivity, International
               Symposium of Formal Methods Europe, Berlin, Germany, March 12-16,
               2001, Proceedings},
  pages     = {500--517},
  year      = {2001},
  series    = {Lecture Notes in Computer Science},
  volume    = {2021},
  publisher = {Springer},
}

@book{Kearns:1994:ICL:200548,
 author = {Kearns, Michael J. and Vazirani, Umesh V.},
 title = {An Introduction to Computational Learning Theory},
 year = {1994},
 isbn = {0-262-11193-4},
 publisher = {MIT Press},
 address = {Cambridge, MA, USA},
}

@inproceedings{DBLP:conf/tacas/ChampionC0S18,
  author    = {Adrien Champion and
               Tomoya Chiba and
               Naoki Kobayashi and
               Ryosuke Sato},
  title     = {ICE-Based Refinement Type Discovery for Higher-Order Functional Programs},
  booktitle = {Tools and Algorithms for the Construction and Analysis of Systems
               - 24th International Conference, {TACAS} 2018, Held as Part of the
               European Joint Conferences on Theory and Practice of Software, {ETAPS}
               2018, Thessaloniki, Greece, April 14-20, 2018, Proceedings, Part {I}},
  pages     = {365--384},
  year      = {2018},
  series    = {Lecture Notes in Computer Science},
  volume    = {10805},
  publisher = {Springer},
}

@inproceedings{DBLP:conf/coco/Karp72,
  author    = {Richard M. Karp},
  title     = {Reducibility Among Combinatorial Problems},
  booktitle = {Proceedings of a symposium on the Complexity of Computer Computations,
               held March 20-22, 1972, at the {IBM} Thomas J. Watson Research Center,
               Yorktown Heights, New York, {USA}},
  pages     = {85--103},
  year      = {1972},
  series    = {The {IBM} Research Symposia Series},
  publisher = {Plenum Press, New York},
}

@article{DBLP:journals/mor/Chvatal79,
  author    = {Vasek Chv{\'{a}}tal},
  title     = {A Greedy Heuristic for the Set-Covering Problem},
  journal   = {Math. Oper. Res.},
  volume    = {4},
  number    = {3},
  pages     = {233--235},
  year      = {1979},
}

@inproceedings{DBLP:conf/oopsla/BettsCDQT12,
  author    = {Adam Betts and
               Nathan Chong and
               Alastair F. Donaldson and
               Shaz Qadeer and
               Paul Thomson},
  title     = {GPUVerify: a verifier for {GPU} kernels},
  booktitle = {Proceedings of the 27th Annual {ACM} {SIGPLAN} Conference on Object-Oriented
               Programming, Systems, Languages, and Applications, {OOPSLA} 2012,
               part of {SPLASH} 2012, Tucson, AZ, USA, October 21-25, 2012},
  pages     = {113--132},
  year      = {2012},
  publisher = {{ACM}},
}

@inproceedings{DBLP:conf/oopsla/ChongDKKQ13,
  author    = {Nathan Chong and
               Alastair F. Donaldson and
               Paul H. J. Kelly and
               Jeroen Ketema and
               Shaz Qadeer},
  title     = {Barrier invariants: a shared state abstraction for the analysis of
               data-dependent {GPU} kernels},
  booktitle = {Proceedings of the 2013 {ACM} {SIGPLAN} International Conference on
               Object Oriented Programming Systems Languages {\&} Applications,
               {OOPSLA} 2013, part of {SPLASH} 2013, Indianapolis, IN, USA, October
               26-31, 2013},
  pages     = {605--622},
  year      = {2013},
  publisher = {{ACM}},
}

@inproceedings{DBLP:conf/pldi/ZhuMJ18,
  author    = {He Zhu and
               Stephen Magill and
               Suresh Jagannathan},
  title     = {A data-driven {CHC} solver},
  booktitle = {Proceedings of the 39th {ACM} {SIGPLAN} Conference on Programming
               Language Design and Implementation, {PLDI} 2018, Philadelphia, PA,
               USA, June 18-22, 2018},
  pages     = {707--721},
  year      = {2018},
  publisher = {{ACM}},
}

@phdthesis{cegis,
  author       = {Armando Solar-Lezama}, 
  title        = {Program Synthesis by Sketching},
  school       = {University of California at Berkeley},
  year         = {2008},
}

@inproceedings{DBLP:conf/tacas/MouraB08,
  author    = {Leonardo Mendon{\c{c}}a de Moura and
               Nikolaj Bj{\o}rner},
  title     = {{Z3:} An Efficient {SMT} Solver},
  booktitle = {Tools and Algorithms for the Construction and Analysis of Systems,
               14th International Conference, {TACAS} 2008, Held as Part of the Joint
               European Conferences on Theory and Practice of Software, {ETAPS} 2008,
               Budapest, Hungary, March 29-April 6, 2008. Proceedings},
  pages     = {337--340},
  year      = {2008},
  series    = {Lecture Notes in Computer Science},
  volume    = {4963},
  publisher = {Springer},
}

@inproceedings{DBLP:conf/cav/BarrettCDHJKRT11,
  author    = {Clark Barrett and
               Christopher L. Conway and
               Morgan Deters and
               Liana Hadarean and
               Dejan Jovanovic and
               Tim King and
               Andrew Reynolds and
               Cesare Tinelli},
  title     = {{CVC4}},
  booktitle = {Computer Aided Verification - 23rd International Conference, {CAV}
               2011, Snowbird, UT, USA, July 14-20, 2011. Proceedings},
  pages     = {171--177},
  year      = {2011},
  series    = {Lecture Notes in Computer Science},
  volume    = {6806},
  publisher = {Springer},
}

@inproceedings{DBLP:conf/icse/ErnstCGN00,
  author    = {Michael D. Ernst and
               Adam Czeisler and
               William G. Griswold and
               David Notkin},
  title     = {Quickly detecting relevant program invariants},
  booktitle = {Proceedings of the 22nd International Conference on on Software Engineering,
               {ICSE} 2000, Limerick Ireland, June 4-11, 2000.},
  pages     = {449--458},
  year      = {2000},
  publisher = {{ACM}},
}

@inproceedings{DBLP:conf/vmcai/Bradley11,
  author    = {Aaron R. Bradley},
  title     = {SAT-Based Model Checking without Unrolling},
  booktitle = {Verification, Model Checking, and Abstract Interpretation - 12th International
               Conference, {VMCAI} 2011, Austin, TX, USA, January 23-25, 2011. Proceedings},
  pages     = {70--87},
  year      = {2011},
  series    = {Lecture Notes in Computer Science},
  volume    = {6538},
  publisher = {Springer},
}

@inproceedings{DBLP:conf/popl/CousotC77,
  author    = {Patrick Cousot and
               Radhia Cousot},
  title     = {Abstract Interpretation: {A} Unified Lattice Model for Static Analysis
               of Programs by Construction or Approximation of Fixpoints},
  booktitle = {Conference Record of the Fourth {ACM} Symposium on Principles of Programming
               Languages, Los Angeles, California, USA, January 1977},
  pages     = {238--252},
  year      = {1977},
  publisher = {{ACM}},
}

@inproceedings{DBLP:conf/cav/McMillan03,
  author    = {Kenneth L. McMillan},
  title     = {Interpolation and SAT-Based Model Checking},
  booktitle = {Computer Aided Verification, 15th International Conference, {CAV}
               2003, Boulder, CO, USA, July 8-12, 2003, Proceedings},
  pages     = {1--13},
  year      = {2003},
  series    = {Lecture Notes in Computer Science},
  volume    = {2725},
  publisher = {Springer},
}

@inproceedings{DBLP:conf/pldi/BallMMR01,
  author    = {Thomas Ball and
               Rupak Majumdar and
               Todd D. Millstein and
               Sriram K. Rajamani},
  title     = {Automatic Predicate Abstraction of {C} Programs},
  booktitle = {Proceedings of the 2001 {ACM} {SIGPLAN} Conference on Programming
               Language Design and Implementation (PLDI), Snowbird, Utah, USA, June
               20-22, 2001},
  pages     = {203--213},
  year      = {2001},
  publisher = {{ACM}},
}

@inproceedings{DBLP:conf/oopsla/DilligDLM13,
  author    = {Isil Dillig and
               Thomas Dillig and
               Boyang Li and
               Kenneth L. McMillan},
  title     = {Inductive invariant generation via abductive inference},
  booktitle = {Proceedings of the 2013 {ACM} {SIGPLAN} International Conference on
               Object Oriented Programming Systems Languages {\&} Applications,
               {OOPSLA} 2013, part of {SPLASH} 2013, Indianapolis, IN, USA, October
               26-31, 2013},
  pages     = {443--456},
  year      = {2013},
  publisher = {{ACM}},
}

@inproceedings{DBLP:conf/cav/ColonSS03,
  author    = {Michael Col{\'{o}}n and
               Sriram Sankaranarayanan and
               Henny Sipma},
  title     = {Linear Invariant Generation Using Non-linear Constraint Solving},
  booktitle = {Computer Aided Verification, 15th International Conference, {CAV}
               2003, Boulder, CO, USA, July 8-12, 2003, Proceedings},
  pages     = {420--432},
  year      = {2003},
  series    = {Lecture Notes in Computer Science},
  volume    = {2725},
  publisher = {Springer},
}

@inproceedings{DBLP:conf/pldi/GulwaniSV08,
  author    = {Sumit Gulwani and
               Saurabh Srivastava and
               Ramarathnam Venkatesan},
  title     = {Program analysis as constraint solving},
  booktitle = {Proceedings of the {ACM} {SIGPLAN} 2008 Conference on Programming
               Language Design and Implementation, Tucson, AZ, USA, June 7-13, 2008},
  pages     = {281--292},
  year      = {2008},
  publisher = {{ACM}},
}

@inproceedings{DBLP:conf/cav/GuptaR09,
  author    = {Ashutosh Gupta and
               Andrey Rybalchenko},
  title     = {InvGen: An Efficient Invariant Generator},
  booktitle = {Computer Aided Verification, 21st International Conference, {CAV}
               2009, Grenoble, France, June 26 - July 2, 2009. Proceedings},
  pages     = {634--640},
  year      = {2009},
  series    = {Lecture Notes in Computer Science},
  volume    = {5643},
  publisher = {Springer},
}

@article{DBLP:journals/corr/KrishnaPW15,
  author    = {Siddharth Krishna and
               Christian Puhrsch and
               Thomas Wies},
  title     = {Learning Invariants using Decision Trees},
  journal   = {CoRR},
  volume    = {abs/1501.04725},
  year      = {2015},
  url       = {http://arxiv.org/abs/1501.04725},
}

@inproceedings{DBLP:conf/cav/0001A14,
  author    = {Rahul Sharma and
               Alex Aiken},
  title     = {From Invariant Checking to Invariant Inference Using Randomized Search},
  booktitle = {Computer Aided Verification - 26th International Conference, {CAV}
               2014, Held as Part of the Vienna Summer of Logic, {VSL} 2014, Vienna,
               Austria, July 18-22, 2014. Proceedings},
  pages     = {88--105},
  year      = {2014},
  series    = {Lecture Notes in Computer Science},
  volume    = {8559},
  publisher = {Springer},
}

@inproceedings{DBLP:conf/esop/0001GHALN13,
  author    = {Rahul Sharma and
               Saurabh Gupta and
               Bharath Hariharan and
               Alex Aiken and
               Percy Liang and
               Aditya V. Nori},
  title     = {A Data Driven Approach for Algebraic Loop Invariants},
  booktitle = {Programming Languages and Systems - 22nd European Symposium on Programming,
               {ESOP} 2013, Held as Part of the European Joint Conferences on Theory
               and Practice of Software, {ETAPS} 2013, Rome, Italy, March 16-24,
               2013. Proceedings},
  pages     = {574--592},
  year      = {2013},
  series    = {Lecture Notes in Computer Science},
  volume    = {7792},
  publisher = {Springer},
}

@inproceedings{DBLP:conf/sas/0001GHAN13,
  author    = {Rahul Sharma and
               Saurabh Gupta and
               Bharath Hariharan and
               Alex Aiken and
               Aditya V. Nori},
  title     = {Verification as Learning Geometric Concepts},
  booktitle = {Static Analysis - 20th International Symposium, {SAS} 2013, Seattle,
               WA, USA, June 20-22, 2013. Proceedings},
  pages     = {388--411},
  year      = {2013},
  series    = {Lecture Notes in Computer Science},
  volume    = {7935},
  publisher = {Springer},
}

@inproceedings{DBLP:conf/cav/SharmaNA12,
  author    = {Rahul Sharma and
               Aditya V. Nori and
               Alex Aiken},
  title     = {Interpolants as Classifiers},
  booktitle = {Computer Aided Verification - 24th International Conference, {CAV}
               2012, Berkeley, CA, USA, July 7-13, 2012 Proceedings},
  pages     = {71--87},
  year      = {2012},
  series    = {Lecture Notes in Computer Science},
  volume    = {7358},
  publisher = {Springer},
}

@incollection{DBLP:series/natosec/AlurBDF0JKMMRSSSSTU15,
  author    = {Rajeev Alur and
               Rastislav Bod{\'{\i}}k and
               Eric Dallal and
               Dana Fisman and
               Pranav Garg and
               Garvit Juniwal and
               Hadas Kress{-}Gazit and
               P. Madhusudan and
               Milo M. K. Martin and
               Mukund Raghothaman and
               Shambwaditya Saha and
               Sanjit A. Seshia and
               Rishabh Singh and
               Armando Solar{-}Lezama and
               Emina Torlak and
               Abhishek Udupa},
  title     = {Syntax-Guided Synthesis},
  booktitle = {Dependable Software Systems Engineering},
  pages     = {1--25},
  year      = {2015},
  series    = {{NATO} Science for Peace and Security Series, {D:} Information and
               Communication Security},
  volume    = {40},
  publisher = {{IOS} Press},
}

@inproceedings{DBLP:conf/asplos/Solar-LezamaTBSS06,
  author    = {Armando Solar{-}Lezama and
               Liviu Tancau and
               Rastislav Bod{\'{\i}}k and
               Sanjit A. Seshia and
               Vijay A. Saraswat},
  title     = {Combinatorial sketching for finite programs},
  booktitle = {Proceedings of the 12th International Conference on Architectural
               Support for Programming Languages and Operating Systems, {ASPLOS}
               2006, San Jose, CA, USA, October 21-25, 2006},
  pages     = {404--415},
  year      = {2006},
  publisher = {{ACM}},
}

@inproceedings{DBLP:conf/pldi/GrebenshchikovLPR12,
  author    = {Sergey Grebenshchikov and
               Nuno P. Lopes and
               Corneliu Popeea and
               Andrey Rybalchenko},
  title     = {Synthesizing software verifiers from proof rules},
  booktitle = {{ACM} {SIGPLAN} Conference on Programming Language Design and Implementation,
               {PLDI} '12, Beijing, China - June 11 - 16, 2012},
  pages     = {405--416},
  year      = {2012},
  publisher = {{ACM}},
}

@article{DBLP:journals/ml/Littlestone87,
  author    = {Nick Littlestone},
  title     = {Learning Quickly When Irrelevant Attributes Abound: {A} New Linear-threshold
               Algorithm},
  journal   = {Machine Learning},
  volume    = {2},
  number    = {4},
  pages     = {285--318},
  year      = {1987},
}

@inproceedings{DBLP:conf/pldi/RondonKJ08,
  author    = {Patrick Maxim Rondon and
               Ming Kawaguchi and
               Ranjit Jhala},
  title     = {Liquid types},
  booktitle = {Proceedings of the {ACM} {SIGPLAN} 2008 Conference on Programming
               Language Design and Implementation, Tucson, AZ, USA, June 7-13, 2008},
  pages     = {159--169},
  year      = {2008},
  publisher = {{ACM}},
}

@InProceedings{vcc,
author="Cohen, Ernie
and Dahlweid, Markus
and Hillebrand, Mark
and Leinenbach, Dirk
and Moskal, Michal
and Santen, Thomas
and Schulte, Wolfram
and Tobies, Stephan",
editor="Berghofer, Stefan
and Nipkow, Tobias
and Urban, Christian
and Wenzel, Makarius",
title="VCC: A Practical System for Verifying Concurrent C",
booktitle="Theorem Proving in Higher Order Logics",
year="2009"
}


@inproceedings{vcdryad,
 author = {Pek, Edgar and Qiu, Xiaokang and Madhusudan, P.},
 title = {Natural Proofs for Data Structure Manipulation in C Using Separation Logic},
 booktitle = {Proceedings of the 35th ACM SIGPLAN Conference on Programming Language Design and Implementation},
 series = {PLDI '14},
 year = {2014},
 pages = {440--451},
 numpages = {12},
 publisher = {ACM},
} 

@inproceedings{DBLP:conf/fmcad/FedyukovichKB17,
  author    = {Grigory Fedyukovich and
               Samuel J. Kaufman and
               Rastislav Bod{\'{\i}}k},
  title     = {Sampling invariants from frequency distributions},
  booktitle = {2017 Formal Methods in Computer Aided Design, {FMCAD} 2017, Vienna,
               Austria, October 2-6, 2017},
  pages     = {100--107},
  year      = {2017},
  publisher = {{IEEE}},
}
